
@inproceedings{toadstool,
	title = {Toadstool: A Dataset for Training Emotional Intelligent Machines Playing Super Mario Bros},
	author = {
	Svoren, Henrik and Thambawita, Vajira and Halvorsen, P\r{a}l and
	Jakobsen, Petter and Garcia-Ceja, Enrique and Noori, Farzan Majeed and
	Hammer, Hugo L. and Lux, Mathias and Riegler, Michael Alexander and
	Hicks, Steven Alexander
	},
	year = {2020},
	publisher = {Association for Computing Machinery},
	address = {New York, NY, USA},
	doi = {10.1145/3339825.3394939},
	booktitle = {Proceedings of the 11th ACM Multimedia Systems Conference},
	pages = {309â€“314},
	numpages = {6},
	location = {Istanbul, Turkey},
	series = {MMSys '20}
}

@inproceedings{garbarino2014empatica,
	author    = {Garbarino, M. and Lai, M. and Bender, D. and Picard, R. W. and Tognetti, S.},
	title     = {Empatica E3 -- A wearable wireless multi-sensor device for real-time computerized biofeedback and data acquisition},
	booktitle = {Proceedings of the International Conference on Wireless Mobile Communication and Healthcare (ICWMCHM)},
	year      = {2014},
	pages     = {39--42}
}
